@article{HOFFMANN201731,
title = "The prebound-effect in detail: real indoor temperatures in basements and measured versus calculated U-values",
journal = "Energy Procedia",
volume = "122",
pages = "32 - 37",
year = "2017",
note = "CISBAT 2017 International ConferenceFuture Buildings \& Districts – Energy Efficiency from Nano to Urban Scale",
issn = "1876-6102",
doi = "https://doi.org/10.1016/j.egypro.2017.07.301",
url = "http://www.sciencedirect.com/science/article/pii/S1876610217328990",
author = "Caroline Hoffmann and Achim Geissler",
keywords = "U-value, measurement, calculation, basement temperature, domestic buildings, existing buildings, prebound-effect"
}

@article{DEWILDE201440,
title = "The gap between predicted and measured energy performance of buildings: A framework for investigation",
journal = "Automation in Construction",
volume = "41",
pages = "40 - 49",
year = "2014",
issn = "0926-5805",
doi = "https://doi.org/10.1016/j.autcon.2014.02.009",
url = "http://www.sciencedirect.com/science/article/pii/S092658051400034X",
author = "Pieter de Wilde",
keywords = "Energy performance gap, Prediction, Measurement, Building design and engineering"
}

@article{ZOU2018165,
title = "Review of 10 years research on building energy performance gap: Life-cycle and stakeholder perspectives",
journal = "Energy and Buildings",
volume = "178",
pages = "165 - 181",
year = "2018",
issn = "0378-7788",
doi = "https://doi.org/10.1016/j.enbuild.2018.08.040",
url = "http://www.sciencedirect.com/science/article/pii/S0378778818309460",
author = "Patrick X.W. Zou and Xiaoxiao Xu and Jay Sanjayan and Jiayuan Wang",
keywords = "Building energy performance gap, Building life-cycle, Stakeholder, Building energy related information, Root causes"
}

@article{FREI2017421,
title = "Performance gaps in Swiss buildings: an analysis of conflicting objectives and mitigation strategies",
journal = "Energy Procedia",
volume = "122",
pages = "421 - 426",
year = "2017",
note = "CISBAT 2017 International ConferenceFuture Buildings and Districts – Energy Efficiency from Nano to Urban Scale",
issn = "1876-6102",
author = "Beat Frei and Carina Sagerschnig and Dimitrios Gyalistras",
keywords = "Performance gap, Energy, Indoor Environment, Operational Expenses, System thinking, Stakeholder analysis"
}

@article{userevaluations,
author = { Åshild   Lappegard   Hauge  and  Judith   Thomsen  and  Thomas   Berker },
title = {User evaluations of energy efficient buildings: Literature review and further research},
journal = {Advances in Building Energy Research},
volume = {5},
number = {1},
pages = {109-127},
year  = {2011},
publisher = {Taylor \& Francis},
doi = {10.1080/17512549.2011.582350},
URL = { 
        https://doi.org/10.1080/17512549.2011.582350
},
eprint = { 
        https://doi.org/10.1080/17512549.2011.582350   
}
}

@article{NIU2016275,
title = "A virtual reality integrated design approach to improving occupancy information integrity for closing the building energy performance gap",
journal = "Sustainable Cities and Society",
volume = "27",
pages = "275 - 286",
year = "2016",
issn = "2210-6707",
doi = "https://doi.org/10.1016/j.scs.2016.03.010",
url = "http://www.sciencedirect.com/science/article/pii/S2210670716300415",
author = "Sanyuan Niu and Wei Pan and Yisong Zhao",
keywords = "Building energy performance gap, Information integrity, Pre-occupancy evaluation, Design with Intent method, Virtual reality"
}

@article{doi:10.1080/19401493.2012.718797,
author = { Bruno  Bueno and Leslie Norford and Julia Hidalgo and Grégoire Pigeon},
title = {The urban weather generator},
journal = {Journal of Building Performance Simulation},
volume = {6},
number = {4},
pages = {269-281},
year  = {2013},
publisher = {Taylor \& Francis},
doi = {10.1080/19401493.2012.718797},
URL = {https://doi.org/10.1080/19401493.2012.718797},
eprint = {https://doi.org/10.1080/19401493.2012.718797}

}

@article{DIAZ2017393,
title = "Influence of Rainfall on the Thermal and Energy Performance of a Low Rise Building in Diverse Locations of the Hot Humid Tropics",
journal = "Procedia Engineering",
volume = "180",
pages = "393-402",
year = "2017",
note = "International High-Performance Built Environment Conference – A Sustainable Built Environment Conference 2016 Series (SBE16), iHBE 2016",
issn = "1877-7058",
doi = "https://doi.org/10.1016/j.proeng.2017.04.198",
url = "http://www.sciencedirect.com/science/article/pii/S1877705817317058",
author = "Claudio Aurelio Diaz and Paul Osmond",
keywords = "Evaporative Cooling, Natural Cooling, Hot Humid Tropics, Wind Driven Rain, Low Rise Building"
}

@ARTICLE{6256761, 
 author={B. Sun and P. B. Luh and Q. Jia and Z. Jiang and F. Wang and C. Song}, 
 journal={IEEE Transactions on Automation Science and Engineering}, 
 title={Building Energy Management: Integrated Control of Active and Passive Heating, Cooling, Lighting, Shading, and Ventilation Systems}, 
 year={2013}, 
 volume={10}, 
 number={3}, 
 pages={588-602}, 
 keywords={building management systems;energy management systems;HVAC;numerical analysis;space cooling;space heating;ventilation;building energy management;active heating control;passive heating control;lighting system;shading systems;ventilation systems;global energy consumption;control strategies;stochastic dynamic programming;rollout technique;price-based coordination framework;DP-derived heuristic rules;optimization strategies;HVAC systems;numerical simulation;human comfort;integrated control;shading blinds;natural ventilation;total daily energy cost;price-based coordination methodology;natural ventilation;control strategies;Buildings;Ventilation;Humidity;Heat transfer;Atmospheric modeling;Centralized control;HVAC;integrated control;lighting;natural ventilation;rollout;shading;surrogate optimization}, 
 doi={10.1109/TASE.2012.2205567}, 
 ISSN={1545-5955}, 
 month={July},}

@article{MENEZES2012355,
title = "Predicted vs. actual energy performance of non-domestic buildings: Using post-occupancy evaluation data to reduce the performance gap",
journal = "Applied Energy",
volume = "97",
pages = "355 - 364",
year = "2012",
note = "Energy Solutions for a Sustainable World - Proceedings of the Third International Conference on Applied Energy, May 16-18, 2011-Perugia, Italy",
issn = "0306-2619",
doi = "https://doi.org/10.1016/j.apenergy.2011.11.075",
url = "http://www.sciencedirect.com/science/article/pii/S0306261911007811",
author = "Anna Carolina Menezes and Andrew Cripps and Dino Bouchlaghem and Richard Buswell",
keywords = "Building energy modelling, Energy benchmarks, Energy performance, Performance gap, Post-occupancy evaluation"
}

@article{DEWILDE201440,
title = "The gap between predicted and measured energy performance of buildings: A framework for investigation",
journal = "Automation in Construction",
volume = "41",
pages = "40 - 49",
year = "2014",
issn = "0926-5805",
doi = "https://doi.org/10.1016/j.autcon.2014.02.009",
url = "http://www.sciencedirect.com/science/article/pii/S092658051400034X",
author = "Pieter de Wilde",
keywords = "Energy performance gap, Prediction, Measurement, Building design and engineering"
}

@article{LAWRENCE2016651,
title = "Bridging the gap between energy and comfort: Post-occupancy evaluation of two higher-education buildings in Sheffield",
journal = "Energy and Buildings",
volume = "130",
pages = "651 - 666",
year = "2016",
issn = "0378-7788",
doi = "https://doi.org/10.1016/j.enbuild.2016.09.001",
url = "http://www.sciencedirect.com/science/article/pii/S0378778816308015",
author = "Ranald Lawrence and Charlotte Keime",
keywords = "Energy performance, Thermal comfort, Occupancy patterns, Post-occupancy evaluation, Environmental control, Active versus passive design, University buildings"
}

@article{NORFORD1994121,
title = "Two-to-one discrepancy between measured and predicted performance of a ‘low-energy’ office building: insights from a reconciliation based on the DOE-2 model",
journal = "Energy and Buildings",
volume = "21",
number = "2",
pages = "121 - 131",
year = "1994",
issn = "0378-7788",
doi = "https://doi.org/10.1016/0378-7788(94)90005-1",
url = "http://www.sciencedirect.com/science/article/pii/0378778894900051",
author = "L.K. Norford and R.H. Socolow and E.S. Hsieh and G.V. Spadaro",
keywords = "Calibration, Energy consumption, Office building, HVAC controls, Occupant behavior"
}

@article{BLIGHT2013183,
title = "Sensitivity analysis of the effect of occupant behaviour on the energy consumption of passive house dwellings",
journal = "Energy and Buildings",
volume = "66",
pages = "183-192",
year = "2013",
issn = "0378-7788",
doi = "https://doi.org/10.1016/j.enbuild.2013.06.030",
url = "http://www.sciencedirect.com/science/article/pii/S0378778813003794",
author = "Thomas S. Blight and David A. Coley",
keywords = "Passivhaus, Occupant behaviour, Modelling, Simulation"
}

@book{karwowski2001international,
  title={International encyclopedia of ergonomics and human factors},
  author={Karwowski, Waldemar},
  volume={3},
  year={2001},
  publisher={Crc Press}
}

@article{masoso2010dark,
  title={The dark side of occupants’ behaviour on building energy use},
  author={Masoso, OT and Grobler, Louis Johannes},
  journal={Energy and buildings},
  volume={42},
  number={2},
  pages={173-177},
  year={2010},
  publisher={Elsevier}
}

@article{li2014methods,
  title={Methods for benchmarking building energy consumption against its past or intended performance: An overview},
  author={Li, Zhengwei and Han, Yanmin and Xu, Peng},
  journal={Applied Energy},
  volume={124},
  pages={325-334},
  year={2014},
  publisher={Elsevier}
}

@article{xu2007optimal,
  title={Optimal simplified thermal models of building envelope based on frequency domain regression using genetic algorithm},
  author={Xu, Xinhua and Wang, Shengwei},
  journal={Energy and Buildings},
  volume={39},
  number={5},
  pages={525-536},
  year={2007},
  publisher={Elsevier}
}

@article{jia2017occupancy,
  title={From occupancy to occupant behavior: An analytical survey of data acquisition technologies, modeling methodologies and simulation coupling mechanisms for building energy efficiency},
  author={Jia, Mengda and Srinivasan, Ravi S and Raheem, Adeeba A},
  journal={Renewable and Sustainable Energy Reviews},
  volume={68},
  pages={525-540},
  year={2017},
  publisher={Elsevier}
}

@article{liang2016occupancy,
  title={Occupancy data analytics and prediction: a case study},
  author={Liang, Xin and Hong, Tianzhen and Shen, Geoffrey Qiping},
  journal={Building and Environment},
  volume={102},
  pages={179-192},
  year={2016},
  publisher={Elsevier}
}

@article{xiao2014data,
  title={Data mining in building automation system for improving building operational performance},
  author={Xiao, Fu and Fan, Cheng},
  journal={Energy and buildings},
  volume={75},
  pages={109-118},
  year={2014},
  publisher={Elsevier}
}

@article{hong2015review,
  title={A review on sustainable construction management strategies for monitoring, diagnosing, and retrofitting the building’s dynamic energy performance: Focused on the operation and maintenance phase},
  author={Hong, Taehoon and Koo, Choongwan and Kim, Jimin and Lee, Minhyun and Jeong, Kwangbok},
  journal={Applied Energy},
  volume={155},
  pages={671-707},
  year={2015},
  publisher={Elsevier}
}

@article{tuohy2015closing,
  title={Closing the gap in building performance: learning from BIM benchmark industries},
  author={Tuohy, Paul G and Murphy, Gavin B},
  journal={Architectural Science Review},
  volume={58},
  number={1},
  pages={47-56},
  year={2015},
  publisher={Taylor \& Francis}
}

@article{crawley2008contrasting,
  title={Contrasting the capabilities of building energy performance simulation programs},
  author={Crawley, Drury B and Hand, Jon W and Kummert, Micha{\"e}l and Griffith, Brent T},
  journal={Building and environment},
  volume={43},
  number={4},
  pages={661-673},
  year={2008},
  publisher={Elsevier}
}

@article{SIAPreviousreport,
title={PRO380: Offene Fragen beim Einsatz der SIA 380/1 als Prognoseinstrument bei Bestandsgebauden (Wohnbauten)},
author={Lemon Consult},
year={2017},
}

@ONLINE{SIA2024Shop,
author = {SIA},
title = {Raumnutzungsdaten fur Energie- und Gebaudetechnik},
month = {October},
year = {2015},
url = {http://shop.sia.ch/normenwerk/architekt/sia\%202024/d/2015/D/Product}
}

@article{crawley2000energy,
  title={Energy plus: energy simulation program},
  author={Crawley, Drury B and Lawrie, Linda K and Pedersen, Curtis O and Winkelmann, Frederick C},
  journal={ASHRAE journal},
  volume={42},
  number={4},
  pages={49-56},
  year={2000},
  publisher={ASHRAE AMERICAN SOCIETY HEATING REFRIGERATING}
}

@PHDTHESIS{GeorgeThesis,
  author = {Mavromatidis, Georgios},
  publisher = {ETH Zurich},
  year = {2017},
  language = {en},
  copyright = {In Copyright - Non-Commercial Use Permitted},
  keywords = {Energy system model; Urban energy systems; Urban energy modeling; Distributed energy systems; Renewable energy; Energy hub; Energy hub modelling; Optimisation; Mathematical programming; Uncertainty; Uncertainty Analysis; Sensitivity analysis; Stochastic programming; Robust optimization; Risk aversion; Risk neutrality; Building energy simulation},
  size = {386 p.},
  adress = {Zurich},
  DOI = {10.3929/ethz-b-000182697},
  title = {Model-based design of distributed urban energy systems under uncertainty},
  Note = {Dissertation. ETH-Zürich. 2017. No. 24065},
  school = {ETH Zurich}
}

@article{burhenne2013uncertainty,
  title={Uncertainty quantification for combined building performance and cost-benefit analyses},
  author={Burhenne, Sebastian and Tsvetkova, Olga and Jacob, Dirk and Henze, Gregor P and Wagner, Andreas},
  journal={Building and Environment},
  volume={62},
  pages={143--154},
  year={2013},
  publisher={Elsevier}
}

@article{yao2005method,
  title={A method of formulating energy load profile for domestic buildings in the UK},
  author={Yao, Runming and Steemers, Koen},
  journal={Energy and buildings},
  volume={37},
  number={6},
  pages={663--671},
  year={2005},
  publisher={Elsevier}
}

@article{silva2014uncertainty,
  title={Uncertainty analysis of user behaviour and physical parameters in residential building performance simulation},
  author={Silva, Arthur Santos and Ghisi, Enedir},
  journal={Energy and Buildings},
  volume={76},
  pages={381--391},
  year={2014},
  publisher={Elsevier}
}

@article{ioannou2015energy,
  title={Energy performance and comfort in residential buildings: Sensitivity for building parameters and occupancy},
  author={Ioannou, A and Itard, LCM},
  journal={Energy and Buildings},
  volume={92},
  pages={216--233},
  year={2015},
  publisher={Elsevier}
}