@article{FREI2017421,
title = "Performance gaps in Swiss buildings: an analysis of conflicting objectives and mitigation strategies",
journal = "Energy Procedia",
volume = "122",
pages = "421 - 426",
year = "2017",
note = "CISBAT 2017 International ConferenceFuture Buildings & Districts â€“ Energy Efficiency from Nano to Urban Scale",
issn = "1876-6102",
doi = "https://doi.org/10.1016/j.egypro.2017.07.425",
url = "http://www.sciencedirect.com/science/article/pii/S1876610217332587",
author = "Beat Frei and Carina Sagerschnig and Dimitrios Gyalistras",
keywords = "Performance gap, Energy, Indoor Environment, Operational Expenses, System thinking, Stakeholder analysis"
}